<?xml version="1.0" encoding="UTF-8"?><collection xmlns="http://www.loc.gov/MARC21/slim"><record><leader>00599nam--2200181-i-4500</leader><controlfield tag="001">000027814</controlfield><controlfield tag="002">20161230</controlfield><controlfield tag="005">20170108232804</controlfield><controlfield tag="008">060222s1000------------r-----000-0-eng-d</controlfield><datafield ind1=" " ind2=" " tag="040"><subfield code="a">IFIN-HH</subfield></datafield><datafield ind1=" " ind2=" " tag="080"><subfield code="a">504.064(047)</subfield></datafield><datafield ind1="1" ind2=" " tag="110"><subfield code="a">International Commission On Radiation Units And Measurements Icru</subfield><subfield code="b">Icru Report 53</subfield></datafield><datafield ind1="1" ind2="0" tag="245"><subfield code="a">Gamma-ray spectrometry in the environment</subfield><subfield code="b">Icru report 53</subfield></datafield><datafield ind1=" " ind2=" " tag="260"><subfield code="a">Bethesda, Maryland</subfield><subfield code="b">International Commission On Radiation Units And Measurements</subfield></datafield><datafield ind1=" " ind2=" " tag="300"><subfield code="a">84 p</subfield></datafield><datafield ind1=" " ind2=" " tag="490"><subfield code="a">Icru Report</subfield></datafield><datafield ind1=" " ind2=" " tag="852"><subfield code="a">39806</subfield><subfield code="c">539.1.07:539.1.08</subfield></datafield><datafield ind1=" " ind2=" " tag="CAT"><subfield code="a">SYS</subfield><subfield code="c">20170108</subfield><subfield code="h">232804</subfield></datafield></record></collection>